% How to cite webpage: https://tex.stackexchange.com/questions/3587/how-can-i-use-bibtex-to-cite-a-web-page
@misc{nycintro,
  title = {New York City},
  author = {{Wikipedia}},
  howpublished ={\url{https://en.wikipedia.org/wiki/New\_York\_City}},
  note = {Accessed: 2022-08}
}
@misc{covidintro,
  title = {A Historical Timeline of COVID-19 in New York City},
  author = {{Alexandra Kerr}},
  howpublished ={\url{https://www.investopedia.com/historical-timeline-of-covid-19-in-new-york-city-5071986}},
  note = {Accessed: 2022-08}
}
@misc{tlcdata,
  title = {TLC trip record data},
  author = {{New York City Taxi and Limousine Commission}},
  howpublished = {\url{https://www1.nyc.gov/site/tlc/about/tlc-trip-record-data.page}},
  note = {Accessed: 2022-08}
}
@misc{populationdata,
  title = {New York City Population By Neighborhood Tabulation Areas},
  author = {{City of New York}},
  howpublished = {\url{https://data.cityofnewyork.us/City-Government/New-York-City-Population-By-Neighborhood-Tabulatio/swpk-hqdp}},
  note = {Accessed: 2022-08}
}
@misc{propertydata,
  title = {Annualized Sales Update},
  author = {{City of New York}},
  howpublished = {\url{https://www1.nyc.gov/site/finance/taxes/property-annualized-sales-update.page}},
  note = {Accessed: 2022-08}
}
@misc{weatherdata,
  title = {Weather Query Builder},
  author = {{Visual Crossing Corporation}},
  howpublished = {\url{https://www.visualcrossing.com/weather/weather-data-services}},
  note = {Accessed: 2022-08}
}
@misc{weathermetadata,
  title = {Weather Data Documentation},
  author = {{Visual Crossing Corporation}},
  howpublished = {\url{https://www.visualcrossing.com/resources/documentation/weather-data/weather-data-documentation/}},
  note = {Accessed: 2022-08}
}
